@misc{lstm,
  author = {Venelin Valkov},
  title  = {Time Series Anomaly Detection using LSTM Autoencoders with PyTorch in Python},
  url    = {https://curiousily.com/posts/time-series-anomaly-detection-using-lstm-autoencoder-with-pytorch-in-python/},
  year   = {2020}
}
@misc{metode_acuan,
  author = {Bauyrjan Jyenis},
  title  = {Anomaly Detection in Time Series Sensor Data},
  url    = {https://towardsdatascience.com/anomaly-detection-in-time-series-sensor-data-86fd52e62538},
  year   = {2020}
}
@misc{pump_sensor_data,
  author = {nphantawee},
  title  = {Pump sensor data for predictive maintenance},
  url    = {https://www.kaggle.com/nphantawee/pump-sensor-data},
  year   = {2018}
}
